@online{rnot1,
author = "Setu K Patolia",
title = "What is the R naught of coronavirus disease 2019 (COVID-19)?",
url = "https://www.medscape.com/answers/2500117-197541/what-is-the-r-naught-of-coronavirus-disease-2019-covid-19",
addendum = "(accessed: 05-03-2021)"
}

@online{sirmodel1,
author = "Kai Sasaki",
title = "COVID-19 dynamics with SIR model",
url = "https://www.lewuathe.com/covid-19-dynamics-with-sir-model.html",
addendum = "(accessed: 05-03-2021)"
}

@online {rnot2,
author = "Jen Ciarochi",
title = "How COVID-19 and other infectious diseases spread: mathematical modeling",
url = "https://triplebyte.com/blog/modeling-infectious-diseases",
addendum = "(accessed: 05-03-2021)"
}

@online {wiki,
title = "Compartmental models in epidemiology",
url = "https://en.wikipedia.org/wiki/Compartmental_models_in_epidemiology",
addendum = "(accessed: 05-03-2021)"
}

@online {github,
author = "Vibhu Iyer",
title = "Github Storage for MATLAB Code and OpenGL Sim Implementation",
url = "https://github.com/TheVizWiz?tab=repositories"
}
